@book {Elmanetal2005,
    AUTHOR = {H. C. Elman and D. J. Silvester and A. J. Wathen},
     TITLE = {Finite {E}lements and {F}ast {I}terative {S}olvers: with
              {A}pplications in {I}ncompressible {F}luid {D}ynamics},
 PUBLISHER = {Oxford Univ. Press},
      YEAR = {2005},
}

@book{Kardestuncer1987,
  title={Finite element handbook},
  author={Kardestuncer, H. and Norrie, D.H. and Brezzi, F.},
  isbn={9780070333055},
  lccn={lc86003051},
  series={McGraw-Hill reference books of interest: Handbooks},
  year={1987},
  publisher={McGraw-Hill}
}
